@ARTICLE{Hummingbird,
    author = {Lars Erik Holmquist and Jennica Falk and Joakim
        Wigstr√∂m},
    title = {Supporting Group Collaboration with Inter-Personal
        Awareness Devices},
    journal = {Journal of Personal Technologies},
    year = {1999},
    volume = {3},
    pages = {13--21}
}

@INPROCEEDINGS{SocialNet,
    author = {Michael Terry and Elizabeth D. Mynatt},
    title = {Social Net: Using Patterns of Physical Proximity
        Over Time to Infer Shared Interests},
    booktitle = {In Proceedings of Human Factors in Computing Systems (CHI 2002},
    year = {2002},
    pages = {816--817},
    publisher = {ACM Press}
}

@INPROCEEDINGS{FamiliarStranger,
    author = {Elizabeth Goodman and Eric Paulos and Eric Paulos},
    title = {The familiar stranger: anxiety, comfort, and play in
    public places},
    booktitle = {},
    year = {2004},
    pages = {223--230},
    publisher = {ACM Press}
}

@article{SocialSerendipity,
author = {Eagle, Nathan and Pentland, Alex},
title = {Social Serendipity: Mobilizing Social Software},
journal = {IEEE Pervasive Computing},
volume = {4},
number = {2},
year = {2005},
issn = {1536-1268},
pages = {28--34},
doi = {http://dx.doi.org/10.1109/MPRV.2005.37},
publisher = {IEEE Educational Activities Department},
address = {Piscataway, NJ, USA},
}

@inproceedings{Uttering,
    address = {New York, NY, USA},
    author = {Allen, Stuart M. and Colombo, Gualtiero and
        Whitaker, Roger M.},
    booktitle = {MobiOpp '10: Proceedings of the Second
        International Workshop on Mobile Opportunistic
            Networking},
    doi = {10.1145/1755743.1755754},
    isbn = {978-1-60558-925-1},
    keywords = {applications, microblogging,
        opportunistic-networks},
    location = {Pisa, Italy},
    month = {February},
    pages = {58--64},
    posted-at = {2010-04-09
        19:39:11},
    priority = {2},
    publisher = {ACM},
    title =
    {Uttering:
        social
            micro-blogging
            without
            the
            internet},
    url =
    {http://dx.doi.org/10.1145/1755743.1755754},
    year =
    {2010}
}

@inproceedings{SocialNetworking,
    author = {Kostakos, Vassilis},
    title = {Social networking 2.0},
    booktitle = {CHI '08: CHI '08 extended abstracts on Human
        factors in computing systems},
    year = {2008},
    isbn = {978-1-60558-012-X},
    pages = {3381--3386},
    location = {Florence, Italy},
    doi = {http://doi.acm.org/10.1145/1358628.1358861},
    publisher = {ACM},
    address = {New York, NY, USA},
}

@misc{sinalgo,
author = "Sinalgo",
   title = "Sinalgo",
   year = "2010",
   url = "http://pt.wikipedia.org/w/index.php?title=BibTeX&oldid=4879810",
   note = "[Website: http://www.disco.ethz.ch/projects/sinalgo/, acessado em 15 de novembro de 2010]"
}



